@article{ana_1,
  title={Pulse analysis for gamma-ray diagnostics ATCA sub-systems of JET tokamak},
  author={Pereira, Rita C and Fernandes, Ana M and Neto, Andr{\'e} and Sousa, Jorge and Varandas, Carlos AF and Cardoso, Jo{\~a}o and Correia, Carlos MBA and Tardocchi, Marco and Nocente, Massimo and Gorini, Giuseppe and others},
  journal={IEEE Transactions on Nuclear Science},
  volume={58},
  number={4},
  pages={1531--1537},
  year={2011},
  publisher={IEEE}
}

@article{ana_2,
  title={Real time FPGA-based crosstalk elimination for multichannel interferometry systems in fusion diagnostics},
  author={Hern{\'a}ndez-Montero, S and L{\'o}pez, JA and S{\'a}nchez, M and Esteban, L and Lopez, CA},
  journal={IEEE Transactions on Nuclear Science},
  volume={60},
  number={5},
  pages={3585--3591},
  year={2013},
  publisher={IEEE}
}

@inproceedings{ana_3,
  title={CompactRIO embedded system in power quality analysis},
  author={Bilik, Petr and Koval, Ludvik and Hajduk, Jiri},
  booktitle={2008 International Multiconference on Computer Science and Information Technology},
  pages={577--580},
  year={2008},
  organization={IEEE}
}

@article{ana_4,
  title={Data acquisition and real-time signal processing of plasma diagnostics on ASDEX Upgrade using LabVIEW RT},
  author={Giannone, L and Cerna, M and Cole, R and Fitzek, M and Kallenbach, A and L{\"u}ddecke, K and McCarthy, PJ and Scarabosio, A and Schneider, W and Sips, ACC and others},
  journal={Fusion Engineering and Design},
  volume={85},
  number={3-4},
  pages={303--307},
  year={2010},
  publisher={Elsevier}
}


@article{ana_5,
  title={Real time plasma disruptions detection in JET implemented with the ITMS platform using FPGA based IDAQ},
  author={Ruiz, M and Vega, J and Arcas, G and Ratta, G and Barrera, E and Murari, A and Lopez, JM and Mel{\'e}ndez, R},
  journal={IEEE Transactions on Nuclear Science},
  volume={58},
  number={4},
  pages={1576--1581},
  year={2011},
  publisher={IEEE}
}



@misc{ ana_6
, title={XILINX all Programmable SoC with Hardware and Software Programmability}
, year={2018}
, note={\url{https://www.xilinx.com/products/silicon-devices/soc/zynq-7000.html}}
}



@article{ana_7,
  title={A survey and evaluation of FPGA high-level synthesis tools},
  author={Nane, Razvan and Sima, Vlad-Mihai and Pilato, Christian and Choi, Jongsok and Fort, Blair and Canis, Andrew and Chen, Yu Ting and Hsiao, Hsuan and Brown, Stephen and Ferrandi, Fabrizio and others},
  journal={IEEE Transactions on Computer-Aided Design of Integrated Circuits and Systems},
  volume={35},
  number={10},
  pages={1591--1604},
  year={2015},
  publisher={IEEE}
}

@misc{ ana_8
, title={XILINX: Cloud Acceleration for RTL, C/C++, and OpenCL}
, year={2018}
, note={\url{https://www.xilinx.com/products/design-tools/software-zone/sdaccel.html}}
}


@article{ana_9,
  title={Multifunction-timing card lttev2 for codac systems of wendelstein 7-x},
  author={Schacht, J and Skodzik, J},
  journal={IEEE Transactions on Nuclear Science},
  volume={62},
  number={3},
  pages={1187--1194},
  year={2015},
  publisher={IEEE}
}



@misc{ ana_10
, title={DIO4 Timing Generator/Digital I/O Module}
, year={2018}
, note={\url{http://www.incaacomputers.com/products/by-function/digital-io/dio4/}}
}


@article{ana_11,
  title={Distributed Continuous Event-Based Data Acquisition Using the IEEE 1588 Synchronization and FlexRIO FPGA},
  author={Taliercio, C and Luchetta, A and Manduchi, G and Rigoni, A},
  journal={IEEE Transactions on Nuclear Science},
  volume={64},
  number={7},
  pages={1970--1974},
  year={2017},
  publisher={IEEE}
}

@article{ana_12,
  title={Assessment of general purpose GPU systems in real-time control},
  author={Maceina, Tautvydas J and Manduchi, Gabriele},
  journal={IEEE Transactions on Nuclear Science},
  volume={64},
  number={6},
  pages={1455--1460},
  year={2017},
  publisher={IEEE}
}

@misc{ ana_13
, title={GNU Autoconf Introduction}
, year={2018}
, note={\url{http://www.gnu.org/software/autoconf/autoconf.html}}
}

@misc{ ana_14
, title={Redpitaya Home Page}
, year={2018}
, note={\url{https://redpitaya.com/}}
}

@misc{ ana_15
, title={Zedboard Home Page}
, year={2018}
, note={\url{http://zedboard.org/}}
}

@misc{ ana_16
, title={Parallella Home Page}
, year={2018}
, note={\url{https://www.parallella.org/}}
}

@misc{ ana_17
, title={Device Tree Specification}
, year={2018}
, note={\url{https://www.devicetree.org/}}
}


@techreport{ana_18,
  title={Extended scenarios opened by the upgrades of the RFX-mod experiment},
  author={Puiatti, ME and Agostini, M and Bettini, P and Canton, A and Cavazzana, R and Dal Bello, S and Dalla Palma, M and Delogu, RS and De Masi, G and Fassina, A and others},
  year={2018}
}


@article{ana_19,
  title={ATCA control system hardware for the plasma vertical stabilization in the JET tokamak},
  author={Batista, Ant{\'o}nio Joaquim Nunes and Neto, Andr{\'e} and Correia, Miguel and Fernandes, Ana Maria and Carvalho, Bernardo B and Fortunato, Jo{\~a}o Carlos and Sousa, Jorge and Varandas, Carlos AF and Sartori, Filippo and Jennison, Mike},
  journal={IEEE Transactions on Nuclear Science},
  volume={57},
  number={2},
  pages={583--588},
  year={2010},
  publisher={IEEE}
}