

@book{cariolaro,
title = "La Teoria Unificata dei Segnali",
author = "Gianfranco Cariolaro",
publisher = "Utet",
year = "2005"
}

@book{jackson,
title = "Classical Electrodynamics",
author = "John David Jackson",
publisher = "John Wiley \& Sons",
year = "1998"
}


@article{pizzimenti,
title = "Mode coupling studies in the RFX-mod reversed field pinch",
author = "A Pizzimenti and R Paccagnella",
journal = "Plasma Phys. Control. Fusion",
number = "6",
volume = "50",
pages = "5006",
year = "2008"
}


@unpublished{baruzzo,
title = "3D effects on RWM physics in RFX-mod",
author = "M. Baruzzo Y. Q. Liu G. Marchiori R. Paccagnella  "
}

@phdthesis{baruzzo-phd,
title = "Performance limiting MHD phenomena in fusion devices: physics
                  and active control ",
author = "Matteo Baruzzo",
school = "International Doctorate in Fusion Science and Engineering",
year = "2008"
}



@article{baruzzo9,
title = "Observation of wall stabilization and active control of low$-\eta$ magnetohydrodynamic instabilities in a tokamak",
author = "Ivers T.H. et al.",
journal = "Phys. Plasmas",
number = "3",
pages = "1026",
year = "1996"
}

@article{baruzzo10,
title = "Experimental and theoretical analyses of penetration processes of externally applied rotating helical magnetic perturbation fields in TEXTOR and HYBTOK-II",
author = "Matsunaga G. et al.",
journal = "Plasma Phys. contr. Fusion",
number = "49",
pages = "49:95",
year = "2007"
}

@article{baruzzo11,
title = "On the roles of direct feedback and error field correction in stabilizing resistive-wall modes",
author = "Y In et al.",
journal = "Nuclear Fusion",
number = "4",
volume = "50",
pages = "2001",
year = "2010"
}

@article{baruzzo12,
title = "",
author = "Bondeson A. and Ward D.J.",
journal = "Phys. Rev. Lett.",
number = "72",
pages = "2709",
year = "1994"
}

@article{baruzzo13,
title = "",
author = "Freidberg J.P.Guo S.C. and Nachtrieb R.",
journal = "Phys. Plasmas",
number = "6",
pages = "3868",
year = "1999"
}

@article{baruzzo28,
title = "",
author = "P.Sonato et al.",
journal = "Fusion Eng. Design",
number = "",
pages = "66-68:161-168",
year = "2003"
}





%dimostrazione confinamento perfetto con parete ideale
@article{gimblett_5,
  author={D C Robinson},
  title={High-$\beta$ diffuse pinch configurations},
  journal={Plasma Physics},
  volume={13},
  number={6},
  pages={439},
  url={http://stacks.iop.org/0032-1028/13/i=6/a=001},
  year={1971},
}

%dimostrazione confinamento per tearing modes
@article{gimblett_6,
  author={D.C. Robinson},
  title={Tearing-mode-stable diffuse-pinch configurations},
  journal={Nuclear Fusion},
  volume={18},
  number={7},
  pages={939},
  url={http://stacks.iop.org/0029-5515/18/i=7/a=006},
  year={1978},
}


@book{gtk_foundation,
title = "Foundations of GTK+ Development",
author = "Krause, Andrew",
year = "2007"
}


@book{fitzp_lecture,
title = "Stabilization of External Kink Modes in Magnetic Fusion Experiment Using a Thin Conducting Shell",
author = "Richard Fitzpatrick",
publisher = "Institute for Fusion \& Departement of Physics, University of Texas at Austin",
year = "1995"
}


@book{cecco,
title = "Experimental studies of confinement in the EXTRAP T2 and T2R reversed field pinches",
author = "M. Cecconello",
publisher = "Alfv√©n Laboratory, Fusion Plasma Physics, Royal Institute of Technology, Stockholm",
year = "2003"
}


@book{wesson,
title = "Tokamaks",
author = "J. Wesson",
publisher = "Claredon Press",
year = "1987"
}


@article{taylor,
title = "Relaxation of Toroidal Plasma and Generation of Reverse Magnetic Fields",
author = "J. B. Taylor",
journal = "Phys. Rev. Lett.",
number = "33",
pages = "1139",
year = "1974"
}


@article{heini,
title = " Divergent Trends in Obesity and Fat Intake Patterns: the American Paradox ",
author  = "Heini, A. F",
publisher = "American Journal of Medicine",
year = "1997",
pages = "259--264",
number = "102"
}

@article{ortolani,
title = " Magnetohydrodynamic of plasma relaxation ",
author = "S.Ortolani and D. D. Schanck",
publisher = "World Scientific , Singapore",
year = "1993"
}

@book{weo2008,
title = "World Energy Outlook 2008 Edition",
author = "International Energy Agency",
publisher = "IEA",
year = "2008",
isbn = "978-92-64-04560-6"
}

@book{boydsand,
title = "The Physics of Plasmas",
author = "T. J. M. Boyd and J. J. Sanderson",
publisher = "Cambridge University Press",
year = "2003"
}

@book{fridberg,
title = "Plasma Phisics and Fusion Energy",
author = "J. P. Freidberg",
publisher = "Cambridge University Press",
year = "2007"
}



@ONLINE{xx,
title = "Models for the investigation of the results of MHD mode active control in RFX-mod",
author = "Andrea Pizzimenti",
url = "http://paduaresearch.cab.unipd.it/1846/"
}



@article{pizz27,
title = "Ideal magnetohydrodynamic theory of magnetic fusion systems",
author = "J.P. Freidberg",
journal = "Rev. Mod. Phys.",
number = "64",
pages = "801",
year = "1982"
}

@article{pizz47,
title = "Optimization of resistive wall mode control in reversed field pinches",
author = "D. Gregoratto, R. Paccagnella, Y. Q. Liu",
journal = "Nucl. Fusion",
number = "44",
pages = "1",
year = "2004"
}

@article{pizz53,
title = "Quasi-single helicity states in the reversed field pinch: Beyond the standard paradigm",
author = "P. Martin et al.",
journal = "Phys. Plasmas",
number = "7",
pages = "1984",
year = "2000"
}

@article{pizz57,
title = "Non-linear coupling effects on the relaxation process in the reversed field pinch",
author = "K. Kusano, T. Sato",
journal = "Nucl. Fusion",
number = "27",
pages = "821",
year = "1987"
}

@article{pizz58,
title = "Simulation study of the self-sustainment mechanism in the reversed-field pinch configuration",
author = "K. Kusano, T. Sato",
journal = "Nucl. Fusion",
number = "30",
pages = "2075",
year = "1990"
}

@article{pizz66,
title = "Behavior of magnetic field fluctuations during dynamo activity and its effect on energy confinement ib a reversed-field pinch",
author = "K. Hattori et al.",
journal = "Phys. Fluids",
number = "B 3",
pages = "3111",
year = "1991"
}

@article{pizz68,
title = "Momentum Transport from Nonlinear Mode Coupling of Magnetic Fluctuations",
author = "A. K. Hansen et al.",
journal = "Phys. Rev. Lett.",
number = "85",
pages = "3408",
year = "2000"
}

@article{pizz69,
title = "Nonlinear coupling of tearing fluctuations in the Madison Symmetric Torus",
author = "J. S. Sarff et al.",
journal = "Phys. Fluids",
number = "B 7",
pages = "2540",
year = "1993"
}

@article{pizz70,
title = "Feedback stabilization of the resistive shell mode in a reversed field pinch",
author = "R. Fitzpatrick, E. P. Yu",
journal = "Phys. Plasmas",
number = "6",
pages = "3536",
year = "1999"
}

@article{pizz72,
title = "Analysis of phase locking of tearing modes in reversed field pinch plasmas",
author = "P. Zanca et al.",
journal = "Phys. Plasmas",
number = "8",
pages = "516",
year = "2001"
}

@article{pizz78,
title = "Active-feedback control of the magnetic boundary for magnetohydrodynamic stabilization of a fusion plasma",
author = "R. Paccagnella et al.",
journal = "Phys. Rev. Lett.",
number = "95",
pages = "",
year = "2006"
}

@article{pizz79,
title = "Active MHD control experiments in RFX-mod",
author = "S. Ortolani and the RFX team",
journal = "Plasma Phys. Control. Fusion",
number = "48",
pages = "B 371",
year = "2006"
}

@article{pizz81,
title = "Feedback control of resistive wall modes in reversed field pinches",
author = "R. Paccagnella, D. Gregoratto, A. Bondeson",
journal = "Nucl. Fusion",
number = "42",
pages = "1102",
year = "2002"
}

@article{pizz82,
title = "Active feedback stabilization of high beta modes in advanced tokamaks",
author = "A. Bondeson et al.",
journal = "Nucl. Fusion",
number = "41",
pages = "455",
year = "2001"
}

@article{pizz83,
title = "Feedback stabilization of the resistive shell mode in a tokamak fusion reactor",
author = "R. Fitzparick",
journal = "Phys. Plasmas",
number = "4",
pages = "2519",
year = "1999"
}

@article{pizz84,
title = "Active Feedback Stabilization of Toroidal External Modes in Tokamaks",
author = "Y. Q. Liu, A. Bondeson",
journal = "Phys. Rev. Lett.",
number = "84",
pages = "907",
year = "2000"
}

@article{pizz85,
title = "Electromagnetic modeling for the active control of MHD modes in RFX",
author = "G. Marchiori et al.",
journal = "Fus. Eng. Des.",
number = "66-68",
pages = "691",
year = "2003"
}

@book{pizz86,
title = "Classical Elecrodynamics",
author = "J. D. Jackson",
publisher = "John Wiley and Sons",
year = "1998, 3rd edition"
}

@book{pizz87,
title = "Elementi di Trasmissione dei Segnali e Sistemi di Telecomunicazioni",
author = "A. Falaschi",
publisher = "eBook",
year = "2006"
}

@book{pizz88,
title = "Feedback Control of Dynamic Systems",
author = "G. F. Franklin, J. D. Powell, A. Emami-Naeini",
publisher = "Prentice-Hall",
year = "2002, IV edition"
}

@ONLINE{pizz1,
url = "http://www.energy.gov"
}

@article{pizz2,
title = "Energy for future centuries",
author = "J. Ongena, G. van Oost",
journal = "Trans. Fusion Sci. Tech.",
number = "53",
pages = "3",
year = "2008"
}

@ONLINE{pizz3,
url = "http://www.unibg.it/dati/corsi/9415/6319"
}

@ONLINE{pizz4,
url = "http://www.fusion-eur.org"
}

@book{pizz5,
title = "2007 Survey of Energy Resources",
author = "W. E. Council",
publisher = "WEC",
year = "2008"
}

@ONLINE{pizz6,
url = "http://www.aspo.it"
}

@ONLINE{pizz7,
url = "http://www. eia.doe.gov/international"
}

@book{pizz8,
title = "Energy, Powering Your World",
author = "M. Westra, S. Kuyvenhover",
publisher = "EFDA-FOM",
year = "2002"
}

@ONLINE{pizz10,
url = "http://www.ipcc.ch"
}

@article{pizz11,
title = "The Atmospheric Carbon Dioxide Perturbation",
author = "F. Joos",
journal = "Europhysics News",
number = "27",
pages = "213",
year = "1996"
}

@article{pizz12,
title = "Northern Hemisphere temperatures during the past millennium: Inferences, uncertainties and limitations",
author = "M. E. Mann, R. S. Bradley, M. K. Hughes",
journal = "Geophys. Res. Lett.",
number = "26",
pages = "213",
year = "1999"
}

@ONLINE{pizz13,
url = "http://antwrp.gsfc.nasa.gov/apod/archivepix.html"
}

@book{pizz14,
title = "The Physics of Plasma",
author = "T. J. M. Boyd, J. J. Sanderson",
publisher = "Cambridge University Press",
year = "2003"
}

@book{pizz15,
title = "Introduction to Plasma Physics",
author = "R. J. Goldston, P. H. Rutherford",
publisher = "Institute of Physics",
year = "1995"
}

@book{pizz16,
title = "The New Cosmos",
author = "A. Unsold, B. Baschek",
publisher = "Springer-Verlag",
year = "1991, 4th edition"
}

@book{pizz17,
title = "Astrofisica stellare",
author = "V. Castellani",
publisher = "Zanichelli",
year = "1985"
}

@article{pizz18,
title = "Fusion Machines",
author = "R. R. Weynants",
journal = "Trans. Fusion Sci. Tech.",
number = "53",
pages = "37",
year = "2008"
}

@ONLINE{pizz19,
url = "http:/www.kayelaby.npl.co.uk/"
}

@article{pizz20,
title = "Thermonuclear Curn Criteria",
author = "G. vann Oost, E. Rebhan",
journal = "Trans. Fusion Sci. Tech.",
number = "",
pages = "16",
year = "2008"
}

@book{pizz21,
title = "Particle transport in Reversed Field Pinch plasmas",
author = "F. Auriemma",
publisher = "PhD Thesis, Universita' degli Studi di Padova, Scuola di dottorato di Ricerca in Ingegneria Industriale - Indirizzo Energetica - Ciclo XX",
year = "2007"
}

@article{pizz22,
title = "Some criteria for a power producing thermonuclear reactor",
author = "J. D. Lawson",
journal = "Proc. Phys. Soc. ",
number = "B 70",
pages = "6",
year = "1957"
}

@ONLINE{pizz24,
url = "http:/www.iter.org"
}

@article{pizz25,
title = "The physics of the International Thermonuclear Experimental Reactor FEAT",
author = "D. J. Campbell",
journal = "Phys. Plasmas",
number = "8",
pages = "2041",
year = "2001"
}

@article{pizz28,
title = "Editorial",
author = "W. K. Hogan",
journal = "Nucl. Fusion",
number = "44",
pages = "",
year = "2004"
}

@ONLINE{pizz31,
url = "http://www.upei.ca/home/"
}

@article{pizz33,
title = "On the Theory of Hydromagnetic Equilibrium",
author = "L. Woltjer",
journal = "Rev. Mod. Phys.",
number = "32",
pages = "914",
year = "1960"
}

@article{pizz34,
title = "RFP Stability with a Resistive Shell in HBTX1C",
author = "B. Alper et al.",
journal = "Plasma Phys. Control. Fusion",
number = "31",
pages = "205",
year = "1989"
}

@article{pizz35,
title = "Linear Magnetohydrodynamic Stability in a Reversed Field Pinch with Distant and Multiple Resistive Wall",
author = "R. Paccagnella",
journal = "Nucl. Fusion",
number = "38",
pages = "1067",
year = "1998"
}

@book{pizz36,
title = "Magnetic Topology around the q = 0 surface in the Reversed Field Pinch and its influence on transport",
author = "A. Cravotta",
publisher = "PhD Thesis. Universita' degli Studi di Padova, Scuola di Dottorato di Ricerca in Fisica - Ciclo XVIII",
year = "2005"
}

@article{pizz37,
title = "Time-Resolved Observation of Discrete and Continuous Magnetohydrodynamic Dynamo in the Reversed-Field Pinch Edge",
author = "H. Ji et al.",
journal = "Phys. Rev. Lett.",
number = "73",
pages = "668",
year = "1994"
}

@book{pizz38,
title = "MHD instabilities",
author = "G. Bateman",
publisher = "The MIT Press",
year = "1978"
}

@article{pizz39,
title = "Some instabilities of a completely ionized plasma",
author = "M. D. Kruskal, M. Schwarzschild",
journal = "Proc. Roy. Soc.",
number = "A 223",
pages = "348",
year = "1954"
}

@article{pizz40,
title = "Necessity of the Energy principles for Magnetostatic Stability",
author = "C. M. G. Laval",
journal = "Nucl. Fusion",
number = "5",
pages = "156",
year = "1965"
}

@article{pizz41,
title = "Hydromagnetic stability of a diffuse linear pinch",
author = "W. A. Newcomb",
journal = "Ann. Phys.",
number = "10",
pages = "232",
year = "1960"
}

@article{pizz42,
title = "High-$\beta$ Diffuse Pinch Configurations",
author = "D. C. Robinson",
journal = "Plasma Phys.",
number = "13",
pages = "439",
year = "1971"
}

@article{pizz43,
title = "Tearing-mode-stable Diffuse-pinch Configurations",
author = "D. C. Robinson",
journal = "Nucl. Fusion",
number = "18",
pages = "939",
year = "1978"
}

@article{pizz44,
title = "Studies in magneto-hydrodynamics",
author = "S. Lundquist",
journal = "Ark. F. Fys.",
number = "5",
pages = "297",
year = "1952"
}

@article{pizz45,
title = "Three-dimensional magnetohydrodynamic studies of the reversed-field pinch",
author = "D. D. Schnack, E. J. Caramana, R. Nebel",
journal = "Phys. Fluids",
number = "28",
pages = "321",
year = "1985"
}

@book{pizz46,
title = "Experiments on feedback control of multiple resistive wall modes comparing different active coil arrays and sensor types",
author = "J. R. Drake",
publisher = "in 21th Fusion Energy Conference",
year = "October, 16-21 2006"
}

@article{gregoratto,
title = "Studies on the response of resistive-wall modes to applied magnetic perturbations in the EXTRAP T2R reversed field pinch",
author = "D. Gregoratto et al.",
journal = "Phys. Plasmas",
number = "12",
pages = "",
year = "2005"
}

@article{pizz49,
title = "Electron Heat Transport in a Tokamak with Destroyed Magnetic Surfaces",
author = "A. B. Rechester, M. N. Rosenbluth",
journal = "Phys. Rev. Lett.",
number = "40",
pages = "38",
year = "1978"
}

@book{pizz50,
title = "Magnetohydrodynamic Turbolence",
author = "D. Biskamp",
publisher = "Cambridge University Press",
year = "2003"
}

@article{pizz51,
title = "Measurements of the MHD Dynamo in the Quasi-Single-Helicity Reversed-Field Pinch",
author = "P. Piovesan et al.",
journal = "Phys. Rev. Lett.",
number = "93",
pages = "",
year = "2004"
}

@article{pizz52,
title = "The dynamo effect in sustained reversed-field pinch discharges",
author = "E. J. Caramana, D. A. Baker",
journal = "Nucl. Fusion",
number = "24",
pages = "423",
year = "1984"
}

@article{pizz54,
title = "Overview of Quasi Single Helicity Experiments in Reversed Field Pinches",
author = "P. Martin et al.",
journal = "Nucl. Fusion",
number = "43",
pages = "1855",
year = "2003"
}

@article{pizz55,
title = "Nonlinear plasma evolution and sustainament in the reversed field pinch",
author = "S. Cappello, R. Paccagnella",
journal = "Phys. Fluids",
number = "B 4",
pages = "611",
year = "1992"
}

@article{pizz56,
title = "Single and multiple helicity ohmic states in reversed field pinches",
author = "J. M. Finn, R. A. Nebel, C. C. Bathke",
journal = "Phys. Fluids",
number = "B 4",
pages = "1262",
year = "1992"
}

@article{pizz59,
title = "Bifurcation in the MHD behavior of a self-organizing system: the reversed field pinch (RFP)",
author = "S. Cappello",
journal = "Plasma Phys. Control. Fusion",
number = "46",
pages = "B 313",
year = "2004"
}

@article{pizz60,
title = "MHD simulation of the toroidal phase locking mechanism in a Reversed Field Pinch plasma",
author = "K. Kusano et al.",
journal = "Nucl. Fusion",
number = "31",
pages = "1923",
year = "1991"
}

@article{pizz61,
title = "",
author = "A. Buffa et al.",
journal = "in 21st EPS Conference on Controlled Fusion and Plasma Physics, Montpellier",
number = "volume 18 B",
pages = "458",
year = "1994"
}

@article{pizz62,
title = "Locked modes and magnetic field errors in the Madison Symmetric Torus",
author = "A. F. Almagri",
journal = "Phys. Fluids",
number = "B 4",
pages = "4080",
year = "1992"
}

@article{pizz63,
title = "MHD behavior in a resistive shell reversed-field pinch",
author = "G. Hedin et al.",
journal = "PLasma Phys. Control. Fusion",
number = "40",
pages = "1529",
year = "1998"
}

@article{pizz64,
title = "The interaction of tearing modes with external structures in cylindrical geometry",
author = "R. Fitzpatrick",
journal = "Nucl. Fusion",
number = "33",
pages = "1049",
year = "1993"
}

@article{pizz65,
title = "Fast flow phenomena in a toroidal plasma",
author = "D. J. D. Hartog",
journal = "Phys. Plasmas",
number = "2",
pages = "2281",
year = "1995"
}

@article{pizz67,
title = "Formation and locking of the slinky mode in reversed field pinches",
author = "R. Fitzpatrick",
journal = "Phys. Plasmas",
number = "6",
pages = "1168",
year = "1999"
}

@article{pizz71,
title = "Nonlinear dynamo mode dynamics in reversed field pinches",
author = "R. Fitzpatrick, E. P. Yu",
journal = "Phys. Plasmas",
number = "7",
pages = "3610",
year = "2000"
}

@article{pizz73,
title = "Phase-locking of tearing modes in the reversed field experiment",
author = "R. Fitzpatrick, P. Zanca",
journal = "Phys. Plasmas",
number = "9",
pages = "2707",
year = "2002"
}

@article{pizz74,
title = "RFX: an expected step in RFP research",
author = "G. Rostagni",
journal = "Fus. Eng. Des.",
number = "25",
pages = "301",
year = "1995"
}

@article{pizz75,
title = "Machine modification for active MHD control in RFX",
author = "P. Sonato et al.",
journal = "Fus. Eng. Des.",
number = "66-68",
pages = "161",
year = "2003"
}

@article{pizz76,
title = "Active MHD control at high currents in RFX-mod",
author = "S. Martini et al.",
journal = "Nucl. Fusion",
number = "47",
pages = "783",
year = "2007"
}

@ONLINE{pizz77,
url = "http://www.igi.cnr.it/"
}

@article{pizz89,
title = "feedback for physicists: A tutorial essay on control",
author = "J. Bechohoefer",
journal = "Rev. Mod. Phys.",
number = "77",
pages = "783",
year = "2005"
}

@article{pizz90,
title = "Physics of magnetically confined plasmas",
author = "A. H. Boozer",
journal = "Rev. Mod. Phys.",
number = "76",
pages = "1071",
year = "2004"
}

@article{pizz91,
title = "Global confinement and discrete dynamo activity in the MST reversed-field pinch",
author = "S. Hoking et al.",
journal = "Phys. Fluids",
number = "B 3",
pages = "2241",
year = "1991"
}

@article{pizz92,
title = "Measurement of Core Velocity fluctuations and the Dymnamo in a Reversed-field Pinch",
author = "D. J. D. Hartog et al.",
journal = "Phys. Plasmas",
number = "6",
pages = "1813",
year = "1999"
}

@article{pizz93,
title = "Nonlinear dynamics of kink-tearing modes and their interaction with the current profiles in a reversed-field pinch",
author = "P. Nordlund, P. Mazur",
journal = "Phys. Plasmas",
number = "1",
pages = "4032",
year = "1994"
}

@article{pizz94,
title = "Mode coupling studies in the RFX-mod Recersed Field Pinch",
author = "A. Pizzimenti, R. Paccagnella",
journal = "Plasma Phys. Control. Fusion",
number = "50",
pages = "",
year = "2008"
}

@article{pizz95,
title = "Tearing Mode Rotation by External Field in a Reversed Field Pinch",
author = "R. Bartiromo et al.",
journal = "Phys. Rev. Lett.",
number = "83",
pages = "1779",
year = "1999"
}

@article{pizz96,
title = "On free boundary instabilities by a resistive wall",
author = "C. G. Gimblett",
journal = "Nucl. Fusion",
number = "26",
pages = "617",
year = "1986"
}

@article{pizz97,
title = "Diffusion of the radial field through a thin shell in the vacuum",
author = "R. Paccagnella, P. Zanca",
journal = "Tecnical Report FC/57, Consorzio RFX",
number = "",
pages = "",
year = "Padova, June, 20 2001"
}

@book{pizz98,
title = "Data Reduction and Error Analysis for the Physical Sciences",
author = "P. R. Bevington, D. K. Robinson",
publisher = "McGraw-Hill",
year = "2003"
}

@article{pizz99,
title = "MHD linear stability analysis in the setting upphase of the RFX-mod experiment",
author = "P. Zanca et al.",
journal = "Plasma Phys. Control. Fusion",
number = "48",
pages = "407",
year = "2006"
}

@article{pizz100,
title = "Stability of current-driven modes in reversed field pinches with resistive walls and plasma rotation",
author = "Z. X. Jiang, A. Bondeson, R. Paccagnella",
journal = "Phys. Plasmas",
number = "2",
pages = "442",
year = "1995"
}

@article{pizz101,
title = "Overview of results in the MST reversed field pinch experiment",
author = "S. C. Prager et al.",
journal = "Nucl. Fusion",
number = "45",
pages = "S 276",
year = "2005"
}

@article{pizz102,
title = "Sawteeth and energy confinement in the Madison Symmetric Torus reversed-field pinch",
author = "B. E. Chapman et al.",
journal = "Phys. Plasmas Lett.",
number = "3",
pages = "709",
year = "1996"
}

@book{pizz103,
title = "Table of Integrals, series, and Products",
author = "I. S. Gradshteyn",
publisher = "Academic Press",
year = "1994, 5th Edition"
}

