
%   .########...#######...#######..##....##..######.
%   .##.....##.##.....##.##.....##.##...##..##....##
%   .##.....##.##.....##.##.....##.##..##...##......
%   .########..##.....##.##.....##.#####.....######.
%   .##.....##.##.....##.##.....##.##..##.........##
%   .##.....##.##.....##.##.....##.##...##..##....##
%   .########...#######...#######..##....##..######.


@book{Wesson-4th,
      author        = "Wesson, John",
      title         = "{Tokamaks; 4th ed.}",
      publisher     = "Oxford Univ. Press",
      address       = "Oxford",
      series        = "International series of monographs on physics",
      year          = "2011",
      url           = "https://cds.cern.ch/record/1427009",
}

@book{freidberg2013ideal,
  title={Ideal Magnetohydrodynamics},
  author={Freidberg, J.P.},
  isbn={9781475708387},
  series={Modern Perspectives in Energy},
  url={https://books.google.it/books?id=UMwNngEACAAJ},
  year={2013},
  publisher={Springer US}
}

@book{freidberg2014ideal,
  title={Ideal MHD},
  author={Freidberg, J.P.},
  isbn={9781139991803},
  url={https://books.google.it/books?id=MOHGAwAAQBAJ},
  year={2014},
  publisher={Cambridge University Press}
}

@book{ortolani1993magnetohydrodynamics,
  title={Magnetohydrodynamics of Plasma Relaxation},
  author={Ortolani, S. and Schnack, D.D.},
  isbn={9789810208608},
  url={https://books.google.it/books?id=WJoySA3lxe0C},
  year={1993},
  publisher={World Scientific}
}

%  ....###....########..########.####..######..##.......########..######.
%  ...##.##...##.....##....##.....##..##....##.##.......##.......##....##
%  ..##...##..##.....##....##.....##..##.......##.......##.......##......
%  .##.....##.########.....##.....##..##.......##.......######....######.
%  .#########.##...##......##.....##..##.......##.......##.............##
%  .##.....##.##....##.....##.....##..##....##.##.......##.......##....##
%  .##.....##.##.....##....##....####..######..########.########..######.


%% 1934 - First fusion experiments done using accelerators
@ARTICLE{1934RSPSA.144..692O,
   author = {{Oliphant}, M.~L.~E. and {Harteck}, P. and {Rutherford}, L.},
    title = "{Transmutation Effects Observed with Heavy Hydrogen}",
  journal = {Proceedings of the Royal Society of London Series A},
     year = 1934,
    month = may,
   volume = 144,
    pages = {692-703},
      doi = {10.1098/rspa.1934.0077},
   adsurl = {https://ui.adsabs.harvard.edu/abs/1934RSPSA.144..692O},
  adsnote = {Provided by the SAO/NASA Astrophysics Data System}
}

%% Sysntesis of Lithium, Beryllium and Boron by cosmic rays
@article{LiBeB_syntesis,
author = {Viola, Victor and Mathews, G},
year = {1987},
month = {05},
pages = {38-45},
title = {The Cosmic Synthesis of Lithium, Beryllium and Boron},
volume = {256},
journal = {Scientific American},
doi = {10.1038/scientificamerican0587-38}
}

%% INDRODUCTIONARIES
@article{Wagner.Friedrich:magnetic.confinement.intro,
author = {Wagner, Friedrich},
year = {2013},
month = {06},
pages = {},
title = {The Physics of Magnetic Confinement},
volume = {54},
journal = {EPJ Web of Conferences},
doi = {10.1051/epjconf/20135401007}
}