@misc{andrsterr2019perturbation,
    title={Perturbation theory approach to study the latent space degeneracy of Variational Autoencoders},
    author={Helena Andrés-Terré and Pietro Lió},
    year={2019},
    eprint={1907.05267},
    archivePrefix={arXiv},
    primaryClass={cs.LG}
}

@article{Bengio_2013,
   title={Deep Learning of Representations: Looking Forward},
   ISBN={9783642395932},
   ISSN={1611-3349},
   url={http://dx.doi.org/10.1007/978-3-642-39593-2_1},
   DOI={10.1007/978-3-642-39593-2_1},
   journal={Lecture Notes in Computer Science},
   publisher={Springer Berlin Heidelberg},
   author={Bengio, Yoshua},
   year={2013},
   pages={1–37}
}
@misc{ridgeway2016survey,
    title={A Survey of Inductive Biases for Factorial Representation-Learning},
    author={Karl Ridgeway},
    year={2016},
    eprint={1612.05299},
    archivePrefix={arXiv},
    primaryClass={cs.LG}
}

@misc{kumar2017variational,
    title={Variational Inference of Disentangled Latent Concepts from Unlabeled Observations},
    author={Abhishek Kumar and Prasanna Sattigeri and Avinash Balakrishnan},
    year={2017},
    eprint={1711.00848},
    archivePrefix={arXiv},
    primaryClass={cs.LG}
}